@online{opinnovationswebsite,
    author = "OPInovations",
    title="ReLax Operations and APP Download",
    url="http://www.op-innovations.com/en/ReLaxAPP",
    addendum = "(accessed: 30.07.2018)",
}
@book{charbit2017,
    title={Digital Signal Processing with Python Programming},
    author={Maurice Charbit},
    year={2017},
    publisher={Wiley}
}
@book{bressert2012,
    title={SciPy and NumPy},
    author={Eli Bressert},
    year={2012},
    publisher={O'Reilly Media}
}
@article{angkoon2009,
    author = "Angkoon Phinyomark, Chusak Limsakul, Pornchai Phukpattaranont",
    title = {Feature Extraction for Robust EMG Pattern Recognition},
    journal = "AJournal of computing",
    volume = "1",
    year = "2009",
    issn = "2151-9617"
}
@book{oliphant2015,
    title={Guide to NumPy},
    author={Travis E. Oliphant},
    year={2015},
    publisher={CreateSpace Independent Publishing Platform}
}
@book{langtangen2016,
    title={A Primer on Scientific Programming with Python},
    author={Hans Petter Langtangen},
    year={2016},
    publisher={Springer}
}
@book{hassanien2015,
    title={Brain-Computer Interfaces Current Trends and Applications},
    author={Aboul Ella Hassanien, Ahmad Taher Azar},
    year={2015},
    publisher={Springer}
}
@article{moonwon2016,
    author = "Moonwon Yu, Netiwit Kaongoen, Sungho Jo",
    title = "P300-BCI-Based Authentication System",
    year = "2016",
    DOI = "10.1109/IWW-BCI.2016.7457443"
}
@article{sharma2016,
    author = "Tanu Sharma, Karan Veer",
    title = "Comparative study of wavelet denoising in myoelectric control applications",
    journal = "Journal of Medical Engineering and Technology",
    year = "2016",
    DOI = "10.3109/03091902.2016.1139200"
}
@article{trewin,
    author = "Shari Trewin, Cal Swart, Larry Koved",
    title = "Biometric Authentication on a Mobile Device: A Study of User Effort, Error and Task Disruption",
    url = "https://researcher.watson.ibm.com/researcher/files/us-kapil/ACSAC12.pdf",
    addendum = "(accessed: 30.07.2018)"
}
@article{chowdhury2013,
    author = "Rubana H. Chowdhury, Mamun B. I. Reaz, Mohd Alauddin Bin Mohd Ali",
    title = "Surface Electromyography Signal Processing and Classification Techniques",
    year = "2013",
    DOI = "10.3390/s130912431",
    addendum = "(accessed: 30.07.2018)",
    url = "https://www.ncbi.nlm.nih.gov/pmc/articles/PMC3821366"
}
@article{siqueira2015,
    author = "Ailton Luiz Dias Siqueira Júnior, Alcimar Barbosa Soares",
    title = "A novel method for EMG decomposition based on matched filters",
    year = "2015",
    url = "http://www.scielo.br/scielo.php?script=sci_arttext\&pid=S2446-47402015000100044",
    addendum = "(accessed: 30.07.2018)",
    journal = "Res. Biomed. Eng.",
    volume = "31",
    number = "1",
}
@online{samsung2016,
    author = "Yang Liu, Xuetao Feng, Chao Zhang",
    title = "Electrocardiogram (ECG) authentication method and apparatus",
    url  = "http://www.freepatentsonline.com/20170188971.pdf",
    addendum = "(accessed: 30.07.2018)",
    year = "2016"
}
@article{raez2006,
    author = "M.B.I. Raez, M.S. Hussain, F. Mohd-Yasin",
    title = "Techniques of EMG signal analysis: detection, processing, classification and applications",
    year = "2006",
    url = "https://www.ncbi.nlm.nih.gov/pmc/articles/PMC1455479/",
    addendum = "(accessed: 30.07.2018)",
    DOI = "https://dx.doi.org/10.1251%2Fbpo115"
}
@online{esparza2017,
    author = "Jose Antonio Martín Esparza",
    title = "Los datos biométricos son datos personales",
    url  = "https://www.bloginnova.com/2017/04/biometria.html",
    addendum = "(accessed: 30.07.2018)",
    year = {2017},
}
@book{sanei2007,
    title = {EEG Signal Processing},
    author = {Saeid Sanei, J.A. Chambers},
    isbn = {9780470025819},
    year = {2007},
    publisher = {John Wiley \& Sons Ltd}
}
@phdthesis{haberman2016,
    title = {Procesamiento de señales aplicado a dispositivos de ayuda para personas con discapacidades motoras},
    author = {Marcelo Haberman},
    year = {2016},
    url = {http://sedici.unlp.edu.ar/bitstream/handle/10915/53022/Documento_completo.pdf-PDFA.pdf},
    addendum = "(accessed: 30.07.2018)"
}
@article{nbfnf2015,
    author = {Noureddine Belgacem and Régis Fournier and Amine Nait-Ali and Fethi Bereksi-Reguig},
    title = {A novel biometric authentication approach using ECG and EMG signals},
    journal = {Journal of Medical Engineering \& Technology},
    volume = {39},
    number = {4},
    pages = {226-238},
    year  = {2015},
    publisher = {Taylor \& Francis},
    doi = {10.3109/03091902.2015.1021429},
    URL = {https://doi.org/10.3109/03091902.2015.1021429},
    addendum = "(accessed: 30.07.2018)",
    eprint = {https://doi.org/10.3109/03091902.2015.1021429}
}
@article{jinsu2017,
    author = {Jin Su Kim and Sung Bum Pan},
    title = {A Study on EMG-based Biometrics},
    journal = {Journal of Internet Services and Information Security (JISIS)},
    year = {2017}
}
@online{haveibeenpwned,
    author = {Troy Hunt},
    addendum = "(accessed: 30.07.2018)",
    url = {https://haveibeenpwned.com}
}
@online{GoogleAppEngine,
    author = {Google},
    url = {https://cloud.google.com/appengine},
    addendum = "(accessed: 30.07.2018)",
}
@online{GoogleCloudSQL,
    author = {Google},
    url = {https://cloud.google.com/sql},
    addendum = "(accessed: 30.07.2018)",
}
@online{GoogleIotCore,
    author = {Google},
    url = {https://cloud.google.com/iot-core},
    addendum = "(accessed: 30.07.2018)",
}
@online{GoogleIotSecurity,
    author = {Google},
    url = {https://cloud.google.com/iot/docs/concepts/device-security},
    addendum = "(accessed: 30.07.2018)"
}
@article{Emanuel-2012,
    doi	= {10.1016/j.patrec.2012.01.009},
    title	= {Combining perspiration- and morphology-based static features for fingerprint liveness detection},
    author	= {Emanuela Marasco; Carlo Sansone},
    publisher	= {Elsevier Science},
    journal	= {Pattern Recognition Letters},
    issnp	= {0167-8655},
    year	= {2012},
    volume	= {33},
    issue	= {9},
    page	= {1148--1156},
}
@article{K-2009,
    doi	= {10.1016/j.imavis.2007.05.004},
    title	= {Non-intrusive liveness detection by face images},
    author	= {K. Kollreider; H. Fronthaler; J. Bigun},
    publisher	= {Elsevier Science},
    journal	= {Image and Vision Computing},
    issnp	= {0262-8856},
    year	= {2009},
    volume	= {27},
    issue	= {3},
    page	= {233--244},
}
@article{veer2015,
    title = {Experimental Study and Characterization of SEMG
Signals for Upper Limbs},
    author = {Karan Veer},
    DOI = {dx.doi.org/10.1142/S0219477515500285},
    publisher = {World Scientific Publishing Company}
}
@article{kaur2015,
    author = {Chamandeep Kaur, Preeti Singh},
    addendum = "(accessed: 30.07.2018)",
    year = {2015},
    url = {https://www.ncbi.nlm.nih.gov/pmc/articles/PMC4684838/},
    DOI = {https://dx.doi.org/10.1155\%2F2015\%2F614723}
}
@online{internet,
    author = {Norman H. Nie, Lutz Erbring},
    url = {http://timeuse-2009.nsms.ox.ac.uk/information/studies/data/downloads/usa/1999/PreliminaryReport.pdf},
    addendum = "(accessed: 01.08.2018)"
}
@article{yousefi2015,
    author = {Jamileh Yousefi},
    title = {Naive Bayes vs. Decision Trees in EMG Data Classification},
    year = {2015},
    DOI = {10.13140/RG.2.1.3448.2088}
}
